  @Manual{saeSim,
    title = {saeSim: Simulation Tools for Small Area Estimation},
    author = {Sebastian Warnholz and Timo Schmid},
    year = {2015},
    note = {R package version 0.7.0},
    URL = {http://CRAN.R-project.org/package=saeSim}
  }

  @Article{simFrame,
    title = {An Object-Oriented Framework for Statistical Simulation: The {R} Package {simFrame}},
    author = {Andreas Alfons and Matthias Templ and Peter Filzmoser},
    journal = {Journal of Statistical Software},
    year = {2010},
    volume = {37},
    number = {3},
    pages = {1--36},
    url = {http://www.jstatsoft.org/v37/i03/},
  }
  
  @Manual{dplyr,
    title = {dplyr: A Grammar of Data Manipulation},
    author = {Hadley Wickham and Romain Francois},
    year = {2015},
    note = {R package version 0.4.1},
    url = {http://CRAN.R-project.org/package=dplyr},
  }
  
  @Manual{magrittr,
    title = {magrittr: A Forward-Pipe Operator for R},
    author = {Stefan Milton Bache and Hadley Wickham},
    year = {2014},
    note = {R package version 1.5},
    url = {http://CRAN.R-project.org/package=magrittr},
  }